@book{SWArchinpractice,
    author    = "Len Bass, Paul Clements, and  Rick Kazman",
    title     = "Software Architecture in Practice, 2nd ed.",
    year      = "2009",
    publisher = "Addison-Wesley"
}

